<record><leader>00000cas a2200000 a 4500</leader><controlfield tag="001">794998762</controlfield><controlfield tag="006">m     o  d        </controlfield><controlfield tag="007">cr |||||||||||</controlfield><controlfield tag="008">120608d18541875tnudn neo     0    0eng c</controlfield><datafield ind1=" " ind2=" " tag="010"><subfield code="a">  2012263141</subfield></datafield><datafield ind1=" " ind2=" " tag="040"><subfield code="a">TXA</subfield><subfield code="b">eng</subfield><subfield code="c">TXA</subfield><subfield code="d">TXA</subfield><subfield code="d">OCLCF</subfield><subfield code="d">OCLCO</subfield><subfield code="d">OCLCQ</subfield></datafield><datafield ind1=" " ind2=" " tag="037"><subfield code="b">ProQuest, LLC, 789 E. Eisenhower Parkway, Ann Arbor, MI 48106-1346</subfield></datafield><datafield ind1=" " ind2=" " tag="042"><subfield code="a">pcc</subfield></datafield><datafield ind1=" " ind2=" " tag="043"><subfield code="a">n-us-tn</subfield></datafield><datafield ind1="0" ind2=" " tag="130"><subfield code="a">Republican banner (Nashville, Tenn. : 1854 : Daily)</subfield></datafield><datafield ind1="1" ind2="0" tag="245"><subfield code="a">Republican banner.</subfield></datafield><datafield ind1="1" ind2=" " tag="246"><subfield code="a">Republican banner and Whig</subfield></datafield><datafield ind1="1" ind2=" " tag="246"><subfield code="a">Daily republican banner</subfield></datafield><datafield ind1="1" ind2=" " tag="246"><subfield code="a">Republican banner and Nashville Whig</subfield></datafield><datafield ind1=" " ind2=" " tag="260"><subfield code="a">Nashville, Tenn. :</subfield><subfield code="b">W.F. Bang &amp; Co.</subfield></datafield><datafield ind1=" " ind2=" " tag="310"><subfield code="a">Daily (except Monday)</subfield></datafield><datafield ind1=" " ind2=" " tag="336"><subfield code="a">text</subfield><subfield code="b">txt</subfield><subfield code="2">rdacontent</subfield></datafield><datafield ind1=" " ind2=" " tag="337"><subfield code="a">computer</subfield><subfield code="b">c</subfield><subfield code="2">rdamedia</subfield></datafield><datafield ind1=" " ind2=" " tag="338"><subfield code="a">online resource</subfield><subfield code="b">cr</subfield><subfield code="2">rdacarrier</subfield></datafield><datafield ind1="1" ind2=" " tag="362"><subfield code="a">Began with: Vol. 60, no. 178 (July 26, 1854); ceased with: Vol. 62, no. 208 (Aug. 31, 1875).</subfield></datafield><datafield ind1=" " ind2=" " tag="500"><subfield code="a">Publishers: W.F. Bang &amp; Co., 1854-1857; Bang, Walker &amp; Co., 1857-1861; Bang, Baber &amp; Co., 1861-1862; Albert Roberts &amp; Co., 1865-1866; Roberts, Watterson &amp; Purvis, 1866-1868; Roberts &amp; Purvis 1868-1875.</subfield></datafield><datafield ind1=" " ind2=" " tag="500"><subfield code="a">Editors: Allen A. Hall, 1854-1857; Allen A. Hall &amp; H.K. Walker, 1857; H.K. Walker, 1857; H.K. Walker &amp; J.E. Rains, 1858; H.K. Walker &amp; Thos W. Beaumont, 1858-1860; H.K. Walker, 1860-1861; H.K. Walker &amp; George Baber, 1861; George Baber, 1861-1862.</subfield></datafield><datafield ind1=" " ind2=" " tag="515"><subfield code="a">Suspended with Apr. 18, 1862 issue; resumed with Sept. 27, 1865 issue.</subfield></datafield><datafield ind1=" " ind2=" " tag="538"><subfield code="a">Mode of access: World Wide Web.</subfield></datafield><datafield ind1=" " ind2=" " tag="580"><subfield code="a">Weekly ed.: Republican banner (Nashville, Tenn. : Weekly).</subfield></datafield><datafield ind1=" " ind2=" " tag="580"><subfield code="a">Triweekly ed.: Republican banner and Nashville Whig.</subfield></datafield><datafield ind1=" " ind2=" " tag="580"><subfield code="a">Merged with: Nashville union and American (Nashville, Tenn. : 1868 : Daily), to form: American (Nashville, Tenn.).</subfield></datafield><datafield ind1=" " ind2=" " tag="588"><subfield code="a">Description based on: Vol. 60, no. 178 (July 26, 1854); title from PDF p. 1 banner (ProQuest, viewed June 7, 2012).</subfield></datafield><datafield ind1=" " ind2=" " tag="588"><subfield code="a">Latest issue consulted: Vol. 62, no. 208 (Aug. 31, 1875) (ProQuest, viewed June 7, 2012).</subfield></datafield><datafield ind1=" " ind2="0" tag="651"><subfield code="a">Davidson County (Tenn.)</subfield><subfield code="v">Newspapers.</subfield></datafield><datafield ind1=" " ind2="0" tag="651"><subfield code="a">Nashville (Tenn.)</subfield><subfield code="v">Newspapers.</subfield></datafield><datafield ind1=" " ind2="7" tag="651"><subfield code="a">Tennessee</subfield><subfield code="z">Davidson County.</subfield><subfield code="2">fast</subfield><subfield code="0">(OCoLC)fst01205346</subfield></datafield><datafield ind1=" " ind2="7" tag="651"><subfield code="a">Tennessee</subfield><subfield code="z">Nashville.</subfield><subfield code="2">fast</subfield><subfield code="0">(OCoLC)fst01204195</subfield></datafield><datafield ind1=" " ind2="7" tag="655"><subfield code="a">Newspapers.</subfield><subfield code="2">fast</subfield><subfield code="0">(OCoLC)fst01423814</subfield></datafield><datafield ind1=" " ind2=" " tag="752"><subfield code="a">United States</subfield><subfield code="b">Tennessee</subfield><subfield code="c">Davidson</subfield><subfield code="d">Nashville.</subfield></datafield><datafield ind1="1" ind2=" " tag="775"><subfield code="t">Republican banner (Nashville, Tenn. : Weekly)</subfield><subfield code="g">1854-1875</subfield></datafield><datafield ind1="1" ind2=" " tag="775"><subfield code="t">Republican banner and Nashville Whig</subfield></datafield><datafield ind1="0" ind2="8" tag="776"><subfield code="i">Print version:</subfield><subfield code="t">Republican banner (Nashville, Tenn. : 1854 : Daily)</subfield><subfield code="w">(DLC)sn 84024195</subfield><subfield code="w">(OCoLC)11203744</subfield></datafield><datafield ind1="0" ind2="0" tag="780"><subfield code="t">Daily republican banner and Nashville Whig</subfield><subfield code="w">(DLC)  2012263138</subfield><subfield code="w">(OCoLC)794979054</subfield></datafield><datafield ind1="1" ind2="7" tag="785"><subfield code="t">Nashville union and American (Nashville, Tenn. : 1868 : Daily)</subfield></datafield><datafield ind1="1" ind2="7" tag="785"><subfield code="t">American (Nashville, Tenn.)</subfield><subfield code="w">(DLC)  2012263142</subfield><subfield code="w">(OCoLC)794980949</subfield></datafield><datafield ind1="4" ind2="0" tag="856"><subfield code="u">http://search.proquest.com/hnpnashvilletennessean/publicationbrowse/Main/</subfield></datafield></record>